%% This BibTeX bibliography file was created using BibDesk.
%% http://bibdesk.sourceforge.net/


%% Created for Felix Rupp at 2011-08-11 21:58:16 +0200 


%% Saved with string encoding Unicode (UTF-8) 



@booklet{typo3:PhoenixAndV4,
	Address = {http://flow3.typo3.org/typo3-phoenix/},
	Author = {{TYPO3 Association}},
	Date-Added = {2011-08-11 21:56:38 +0200},
	Date-Modified = {2011-08-11 21:58:15 +0200},
	Generator = {TYPO3 4.4 CMS},
	Howpublished = {Webseite},
	Keywords = {TYPO3 4, Phoenix},
	Lastchecked = {11.\,August 2011 21:57:54},
	Title = {TYPO3 Phoenix: TYPO3 v4},
	Url = {http://flow3.typo3.org/typo3-phoenix/},
	Bdsk-Url-1 = {http://flow3.typo3.org/typo3-phoenix/}}

@booklet{t3association:FluidWhatDoesItDo,
	Author = {{TYPO3 Association}},
	Date-Added = {2011-08-11 19:34:21 +0200},
	Date-Modified = {2011-08-11 19:35:47 +0200},
	Generator = {TYPO3 4.4 CMS},
	Howpublished = {Webseite},
	Keywords = {TYPO3, Fluid},
	Lastchecked = {11.\,August 2011 19:35:27},
	Title = {Fluid -- What does it do?},
	Url = {http://flow3.typo3.org/documentation/manuals/fluid/fluid.introduction/},
	Bdsk-Url-1 = {http://flow3.typo3.org/documentation/manuals/fluid/fluid.introduction/}}

@booklet{t3association:Flow3WhatIs,
	Address = {http://flow3.typo3.org/about/},
	Author = {{TYPO3 Association}},
	Date-Added = {2011-08-11 19:20:41 +0200},
	Date-Modified = {2011-08-11 19:27:36 +0200},
	Generator = {TYPO3 4.4 CMS},
	Howpublished = {Webseite},
	Keywords = {TYPO3, FLOW3},
	Lastchecked = {11.\,August 2011 19:22:22},
	Title = {FLOW3 -- What is\dots},
	Url = {http://flow3.typo3.org/about/},
	Bdsk-Url-1 = {http://flow3.typo3.org/about/}}

@booklet{mittwald:ExtEntwicklung,
	Author = {Martin Helmich},
	Date-Added = {2011-08-10 13:32:32 +0200},
	Date-Modified = {2011-08-10 13:42:09 +0200},
	Howpublished = {eBook},
	Keywords = {TYPO3 4, Mittwald, Extbase, Fluid},
	Organization = {Mittwald CM Service},
	Title = {Extensionentwicklung ab TYPO3 4.3},
	Url = {http://www.mittwald.de/fileadmin/pdf/extbase_fluid.pdf},
	Year = {2010},
	Bdsk-Url-1 = {http://www.mittwald.de/fileadmin/pdf/extbase_fluid.pdf}}

@booklet{horn:Patterns,
	Address = {http://www.torsten-horn.de/techdocs/sw-patterns.htm},
	Author = {Torsten Horn},
	Date-Added = {2011-08-09 18:07:44 +0200},
	Date-Modified = {2011-08-09 18:09:11 +0200},
	Description = {Muster / Patterns},
	Howpublished = {Webseite},
	Keywords = {OOP, Muster, Patterns},
	Lastchecked = {09.\,August 2011 18:08:45},
	Title = {Muster/Patterns: Factory},
	Url = {http://www.torsten-horn.de/techdocs/sw-patterns.htm},
	Bdsk-Url-1 = {http://www.torsten-horn.de/techdocs/sw-patterns.htm}}

@booklet{oertel:DependencyInjection,
	Address = {http://www.networkteam.com/blog/post/dependency-injection-in-extbase.html},
	Author = {Felix Oertel},
	Copyright = {2011 - networkteam GmbH - creative webprojects.},
	Creator = {networkteam GmbH - creative webprojects.},
	Date-Added = {2011-08-09 18:02:17 +0200},
	Date-Modified = {2011-08-11 15:17:55 +0200},
	Dc.Date = {2011-07-22},
	Generator = {TYPO3 4.5 CMS},
	Google-Site-Verification = {KcIs-c9Ag8ScenvEHvAc5BOutYtc0FWil0EI7WvL0qU},
	Howpublished = {Webseite},
	Keywords = {TYPO3, Extbase, Dependency Injection},
	Lastchecked = {09.\, August 2011 18:03:37},
	Month = {April},
	Title = {Dependency Injection in Extbase},
	Url = {http://www.networkteam.com/blog/post/dependency-injection-in-extbase.html},
	Viewport = {width=1200},
	Year = {2011},
	Bdsk-Url-1 = {http://www.networkteam.com/blog/post/dependency-injection-in-extbase.html}}

@booklet{typo3:Glossar,
	Address = {http://wiki.typo3.org/Glossary},
	Author = {Dan and Peter Kindstr{\"o}m and Sebastian Kurf{\"u}rst and Amurphy},
	Date-Added = {2011-07-31 18:04:16 +0200},
	Date-Modified = {2011-08-11 15:21:25 +0200},
	Generator = {MediaWiki 1.16.2},
	Howpublished = {Webseite},
	Keywords = {TYPO3, Pagetree, Storagefolder, Storageordner, SysFolder},
	Lastchecked = {31.\,Juli 2011 18:05:41},
	Month = {Oktober},
	Title = {TYPO3 Wiki: Glossar},
	Url = {http://wiki.typo3.org/Glossary},
	Year = {2010},
	Bdsk-Url-1 = {http://wiki.typo3.org/Glossary}}

@booklet{drlex:VolumeControls,
	Address = {http://www.dr-lex.be/info-stuff/volumecontrols.html},
	Author = {Alexander Thomas},
	Date-Added = {2011-07-23 17:59:53 +0200},
	Date-Modified = {2011-08-11 15:20:55 +0200},
	Description = {Please read this text if you are involved in the development of audio software/hardware of any kind!},
	Generator = {HTML TagWriter 3.8 by A.T.},
	Howpublished = {Webseite},
	Keywords = {Logarithmus, Volume Controls, Lautst{\"a}rke},
	Lastchecked = {23.\,Juli 2011 18:01:59},
	Title = {Programming Volume Controls},
	Url = {http://www.dr-lex.be/info-stuff/volumecontrols.html},
	Bdsk-Url-1 = {http://www.dr-lex.be/info-stuff/volumecontrols.html}}

@booklet{webopedia:Json,
	Address = {http://www.webopedia.com/TERM/J/JSON.html},
	Author = {Webopedia},
	Date-Added = {2011-07-11 11:34:07 +0200},
	Date-Modified = {2011-08-11 15:20:47 +0200},
	Howpublished = {Webseite},
	Keywords = {JSON definition, JSON, define, define JSON, define, Webopaedia, Webopedia, glossary, dictionary, encyclopedia},
	Lastchecked = {11.\,Juli 2011 11:35:25},
	Title = {JSON},
	Url = {http://www.webopedia.com/TERM/J/JSON.html},
	Bdsk-Url-1 = {http://www.webopedia.com/TERM/J/JSON.html}}

@booklet{ddd:WhatIsDomainDrivenDesign,
	Address = {http://www.domaindrivendesign.org/resources/what_is_ddd},
	Author = {Vladimir Gitlevich and Eric Evans and Ying Hu and Jimmy Nilsson},
	Date-Added = {2011-07-05 10:13:40 +0200},
	Date-Modified = {2011-08-11 15:21:35 +0200},
	Howpublished = {Webseite},
	Keywords = {DDD, Domain-Driven Design},
	Lastchecked = {05.\,Juli 2011 10:22:08},
	Title = {What is Domain-Driven Design?},
	Url = {http://www.domaindrivendesign.org/resources/what_is_ddd},
	Bdsk-Url-1 = {http://www.domaindrivendesign.org/resources/what_is_ddd}}

@booklet{webopedia:extension,
	Author = {Webopedia},
	Date-Added = {2011-07-04 09:20:24 +0200},
	Date-Modified = {2011-08-11 15:18:03 +0200},
	Howpublished = {Webseite},
	Keywords = {extension definition, extension, define, define extension, define, Webopaedia, Webopedia, glossary, dictionary, encyclopedia},
	Lastchecked = {04.\,Juli 2011 09:21:48},
	Title = {extension},
	Url = {http://www.webopedia.com/TERM/E/extension.html},
	Bdsk-Url-1 = {http://www.webopedia.com/TERM/E/extension.html}}

@booklet{webopedia:Wma,
	Address = {http://www.webopedia.com/TERM/W/WMA.html},
	Author = {Webopedia},
	Date-Added = {2011-07-03 17:03:12 +0200},
	Date-Modified = {2011-08-11 15:21:40 +0200},
	Description = {This page describes the term WMA and lists other pages on the Web where you can find additional information.},
	Howpublished = {Webseite},
	Keywords = {WMA definition, WMA, define, define WMA, define, Webopaedia, Webopedia, glossary, dictionary, encyclopedia},
	Lastchecked = {03.\,Juli 2011 17:06:19},
	Title = {WMA},
	Url = {http://www.webopedia.com/TERM/W/WMA.html},
	Bdsk-Url-1 = {http://www.webopedia.com/TERM/W/WMA.html}}

@misc{typo3:Flow3AktuellerStand,
	Author = {Sebastian Kurf{\"u}rst and Robert Lemke},
	Date-Added = {2011-07-01 13:33:31 +0200},
	Date-Modified = {2011-07-04 10:09:25 +0200},
	Howpublished = {Pr{\"a}sentation},
	Keywords = {TYPO3 5, FLOW3},
	Lastchecked = {01.\,Juli 2011 13:38:54},
	Month = {Januar},
	Title = {FLOW3 -- der aktuelle Stand},
	Url = {http://www.slideshare.net/skurfuerst/flow3-der-aktuelle-stand-typo3-usergroup-dresden-presentation-940614},
	Year = {2009},
	Bdsk-Url-1 = {http://www.slideshare.net/skurfuerst/flow3-der-aktuelle-stand-typo3-usergroup-dresden-presentation-940614}}

@book{typo3:ZukunftExtbaseFluid,
	Address = {K{\"o}ln},
	Author = {Jochen Rau and Sebastian Kurf{\"u}rst},
	Date-Added = {2011-07-01 13:02:24 +0200},
	Date-Modified = {2011-07-01 13:05:00 +0200},
	Edition = {1. Auflage},
	Isbn = {978-3-89721-965-6},
	Keywords = {TYPO3 4.4 / Erweiterung / Programmierparadigma / Domain engineering / Objektorientierte Programmierung / Framework <Informatik>},
	Location = {Technische Hochschule Mittelhessen, Hochschulbibliothek Gie{\ss}en <974> [Signatur: dav 622 280];},
	Publisher = {O'Reilly Verlag GmbH \& Co. KG},
	Title = {Zukunftssichere TYPO3-Extensions mit Extbase und Fluid},
	Url = {http://deposit.d-nb.de/cgi-bin/dokserv?id=3378875&prov=M&dok_var=1&dok_ext=htm},
	Year = {2010},
	Bdsk-Url-1 = {http://d-nb.info/998383597/04%20;%20http://deposit.d-nb.de/cgi-bin/dokserv?id=3378875&prov=M&dok_var=1&dok_ext=htm},
	Bdsk-Url-2 = {http://deposit.d-nb.de/cgi-bin/dokserv?id=3378875&prov=M&dok_var=1&dok_ext=htm}}

@booklet{w3c:About,
	Address = {http://www.w3c.de/about/overview.html},
	Author = {Thomas Tikwinski},
	Date-Added = {2011-07-01 10:06:57 +0200},
	Date-Modified = {2011-07-04 10:09:44 +0200},
	Howpublished = {Webseite},
	Keywords = {W3C, About, {\"U}ber, Geschichte},
	Lastchecked = {01.\,Juli 2011 10:09:25},
	Month = {November},
	Title = {{\"U}ber das World Wide Web Consortium},
	Url = {http://www.w3c.de/about/overview.html},
	Year = {2007},
	Bdsk-Url-1 = {http://www.w3c.de/about/overview.html}}

@booklet{webopedia:Rup,
	Address = {http://www.webopedia.com/TERM/R/RUP.html},
	Author = {Webopedia},
	Date-Added = {2011-06-30 10:19:02 +0200},
	Date-Modified = {2011-08-11 15:21:04 +0200},
	Howpublished = {Webseite},
	Keywords = {RUP definition, RUP, define, define RUP, define, Webopaedia, Webopedia, glossary, dictionary, encyclopedia},
	Lastchecked = {30.\,Juni 2011 10:25:10},
	Title = {RUP},
	Url = {http://www.webopedia.com/TERM/R/RUP.html},
	Bdsk-Url-1 = {http://www.webopedia.com/TERM/R/RUP.html}}

@book{rup:RationalUnifiedProcessKompakt,
	Address = {M{\"u}nchen},
	Author = {Andreas Essigkrug and Thomas Mey},
	Date-Added = {2011-06-29 15:12:50 +0200},
	Date-Modified = {2011-06-30 09:54:37 +0200},
	Edition = {2.\,Auflage},
	Isbn = {978-3-8274-1836-4},
	Keywords = {Rational Unified Process, RUP},
	Location = {Technische Hochschule Mittelhessen, Hochschulbibliothek Gie{\ss}en <974> [Signatur: wir 825 24 Aufl. 2 +1]; Technische Hochschule Mittelhessen, Hochschulbibliothek Friedberg <974/1> [Signatur: dav 250 UML 20 Aufl.2 +1];},
	Publisher = {Elsevier Spektrum Akademischer Verlag},
	Title = {Rational Unified Process kompakt},
	Url = {http://deposit.d-nb.de/cgi-bin/dokserv?id=2888987&prov=M&dok_var=1&dok_ext=htm},
	Year = {2007},
	Bdsk-Url-1 = {http://deposit.d-nb.de/cgi-bin/dokserv?id=2888987&prov=M&dok_var=1&dok_ext=htm%20;%20http://scans.hebis.de/HEBCGI/show.pl?18589809_toc.pdf},
	Bdsk-Url-2 = {http://deposit.d-nb.de/cgi-bin/dokserv?id=2888987&prov=M&dok_var=1&dok_ext=htm}}

@book{lexikon:Medienwirtschaft,
	Address = {Wiesbaden},
	Booktitle = {Gabler Lexikon Medienwirtschaft},
	Date-Added = {2011-06-29 13:41:21 +0200},
	Date-Modified = {2011-06-29 15:17:31 +0200},
	Doi = {10.1007/978-3-8349-6487-8},
	Edition = {2.,\,aktualisierte und erweiterte Auflage},
	Editor = {Insa Sjurts},
	Isbn = {978-3-8349-0140-8},
	Keywords = {Medien, Medienwirtschaft, Lexikon, Index},
	Publisher = {Gabler Verlag/Springer Fachmedien Wiesbaden GmbH},
	Title = {Gabler Lexikon Medienwirtschaft},
	Year = {2011},
	Bdsk-File-1 = {YnBsaXN0MDDUAQIDBAUIJidUJHRvcFgkb2JqZWN0c1gkdmVyc2lvblkkYXJjaGl2ZXLRBgdUcm9vdIABqAkKFRYXGyIjVSRudWxs0wsMDQ4RFFpOUy5vYmplY3RzV05TLmtleXNWJGNsYXNzog8QgASABqISE4ACgAOAB1lhbGlhc0RhdGFccmVsYXRpdmVQYXRo0hgNGRpXTlMuZGF0YU8RAoYAAAAAAoYAAgAACFByb2pla3RlAAAAAAAAAAAAAAAAAAAAAAAAAMcONjRIKwAAABODLxxsZXhpa29uLW1lZGllbndpcnRzY2hhZnQucGRmAAAAAAAAAAAAAAAAAAAAAAAAAAAAAAAAAAAAAAAAAAAAAAAAE4MwyjDbawAAAAAAAAAAAAEABQAACQAAAAAAAAAAAAAAAAAAAAAGU2p1cnRzABAACAAAxw4oJAAAABEACAAAyjC/SwAAAAEAJAATgy8AE4MnABOBCwATgDEAD+VIAAyGMgAA4QwAAOEKAAC7rgACAJxQcm9qZWt0ZTpEb2N1bWVudHM6U3R1ZGl1bTpCYWNoZWxvciBNZWRpZW5pbmZvcm1hdGlrOjYuIFNlbWVzdGVyIChTUzExKTpCYWNoZWxvcmFyYmVpdDpCYWNoZWxvcmFyYmVpdDpRdWVsbGRhdGVuOlF1ZWxsZW46U2p1cnRzOmxleGlrb24tbWVkaWVud2lydHNjaGFmdC5wZGYADgA6ABwAbABlAHgAaQBrAG8AbgAtAG0AZQBkAGkAZQBuAHcAaQByAHQAcwBjAGgAYQBmAHQALgBwAGQAZgAPABIACABQAHIAbwBqAGUAawB0AGUAEgCUL0RvY3VtZW50cy9TdHVkaXVtL0JhY2hlbG9yIE1lZGllbmluZm9ybWF0aWsvNi4gU2VtZXN0ZXIgKFNTMTEpL0JhY2hlbG9yYXJiZWl0L0JhY2hlbG9yYXJiZWl0L1F1ZWxsZGF0ZW4vUXVlbGxlbi9TanVydHMvbGV4aWtvbi1tZWRpZW53aXJ0c2NoYWZ0LnBkZgATABEvVm9sdW1lcy9Qcm9qZWt0ZQD//wAAgAXSHB0eH1gkY2xhc3Nlc1okY2xhc3NuYW1lox8gIV1OU011dGFibGVEYXRhVk5TRGF0YVhOU09iamVjdF8QNlF1ZWxsZGF0ZW4vUXVlbGxlbi9TanVydHMvbGV4aWtvbi1tZWRpZW53aXJ0c2NoYWZ0LnBkZtIcHSQloiUhXE5TRGljdGlvbmFyeRIAAYagXxAPTlNLZXllZEFyY2hpdmVyAAgAEQAWAB8AKAAyADUAOgA8AEUASwBSAF0AZQBsAG8AcQBzAHYAeAB6AHwAhgCTAJgAoAMqAywDMQM6A0UDSQNXA14DZwOgA6UDqAO1A7oAAAAAAAACAQAAAAAAAAAoAAAAAAAAAAAAAAAAAAADzA==},
	Bdsk-Url-1 = {http://dx.doi.org/10.1007/978-3-8349-6487-8}}

@booklet{lexikon:Typolexikon,
	Abstract = {Lexikon, Glossar, W{\"o}rterbuch, Definition, definiere, define },
	Address = {http://www.typolexikon.de/c/corporate-design.html},
	Audience = {all},
	Author = {Wolfgang Beinert},
	Classification = {Lexikon, Glossar, W{\"o}rterbuch, Definition, definiere, define},
	Copyright = {Wolfgang Beinert},
	Date-Added = {2011-06-28 16:12:23 +0200},
	Date-Modified = {2011-08-11 15:17:15 +0200},
	Distribution = {global},
	Howpublished = {Webseite},
	Keywords = {Corporate Identity, Corporate Design, Unternehmung, Visuelles Erscheinungsbild, Design einer Firma, Firmendesign, Unternehmensdesign, Design, Erscheinungsbild, Grafikdesign, Industriedesign, Architektur, Werbung, Ursprung, Geschichte, Definition, Peter Behrens, AEG, Allgemeine Elektrizit{\"a}ts Gesellschaft, Firmengesicht, Hans Domizlaff, Marke, Branding, Philip Reemtsma, Markentechniker, Siemens, Raymond Loewy, H{\"a}{\ss}lichkeit verkauft sich schlecht, Society of Industrial Designers, HFG Ulm, Otl Aicher, M{\"u}nchener Olympiade, Braun AG, W. Schmittel},
	Language = {de},
	Lastchecked = {28.\,Juni 2011 16:40:35},
	Publisher = {Wolfgang Beinert},
	Rating = {safe for kids},
	Title = {Corporate Design -- Ursprung, Geschichte und Definition},
	Url = {http://www.typolexikon.de/c/corporate-design.html},
	Bdsk-Url-1 = {http://www.typolexikon.de/c/corporate-design.html}}

@book{lexikon:Informatik,
	Address = {Berlin, Heidelberg},
	Author = {Peter Fischer and Peter Hofer},
	Booktitle = {Lexikon der Informatik},
	Date-Added = {2011-06-28 14:08:13 +0200},
	Date-Modified = {2011-06-29 15:15:33 +0200},
	Doi = {10.1007/978-3-642-15126-2},
	Edition = {15.\,Auflage},
	Isbn = {978-3-642-15125-5},
	Keywords = {Informatik, Lexikon, Index},
	Publisher = {Springer-Verlag GmbH},
	Title = {Lexikon der Informatik},
	Year = {2011},
	Bdsk-File-1 = {YnBsaXN0MDDUAQIDBAUIJidUJHRvcFgkb2JqZWN0c1gkdmVyc2lvblkkYXJjaGl2ZXLRBgdUcm9vdIABqAkKFRYXGyIjVSRudWxs0wsMDQ4RFFpOUy5vYmplY3RzV05TLmtleXNWJGNsYXNzog8QgASABqISE4ACgAOAB1lhbGlhc0RhdGFccmVsYXRpdmVQYXRo0hgNGRpXTlMuZGF0YU8RApIAAAAAApIAAgAACFByb2pla3RlAAAAAAAAAAAAAAAAAAAAAAAAAMcONjRIKwAAABODMRZsZXhpa29uLWluZm9ybWF0aWsucGRmAAAAAAAAAAAAAAAAAAAAAAAAAAAAAAAAAAAAAAAAAAAAAAAAAAAAAAAAE4Myyi+PWQAAAAAAAAAAAAEABQAACQAAAAAAAAAAAAAAAAAAAAARRmlzY2hlciB1bmQgSG9mZXIAABAACAAAxw4oJAAAABEACAAAyi9zOQAAAAEAJAATgzEAE4MnABOBCwATgDEAD+VIAAyGMgAA4QwAAOEKAAC7rgACAKFQcm9qZWt0ZTpEb2N1bWVudHM6U3R1ZGl1bTpCYWNoZWxvciBNZWRpZW5pbmZvcm1hdGlrOjYuIFNlbWVzdGVyIChTUzExKTpCYWNoZWxvcmFyYmVpdDpCYWNoZWxvcmFyYmVpdDpRdWVsbGRhdGVuOlF1ZWxsZW46RmlzY2hlciB1bmQgSG9mZXI6bGV4aWtvbi1pbmZvcm1hdGlrLnBkZgAADgAuABYAbABlAHgAaQBrAG8AbgAtAGkAbgBmAG8AcgBtAGEAdABpAGsALgBwAGQAZgAPABIACABQAHIAbwBqAGUAawB0AGUAEgCZL0RvY3VtZW50cy9TdHVkaXVtL0JhY2hlbG9yIE1lZGllbmluZm9ybWF0aWsvNi4gU2VtZXN0ZXIgKFNTMTEpL0JhY2hlbG9yYXJiZWl0L0JhY2hlbG9yYXJiZWl0L1F1ZWxsZGF0ZW4vUXVlbGxlbi9GaXNjaGVyIHVuZCBIb2Zlci9sZXhpa29uLWluZm9ybWF0aWsucGRmAAATABEvVm9sdW1lcy9Qcm9qZWt0ZQD//wAAgAXSHB0eH1gkY2xhc3Nlc1okY2xhc3NuYW1lox8gIV1OU011dGFibGVEYXRhVk5TRGF0YVhOU09iamVjdF8QO1F1ZWxsZGF0ZW4vUXVlbGxlbi9GaXNjaGVyIHVuZCBIb2Zlci9sZXhpa29uLWluZm9ybWF0aWsucGRm0hwdJCWiJSFcTlNEaWN0aW9uYXJ5EgABhqBfEA9OU0tleWVkQXJjaGl2ZXIACAARABYAHwAoADIANQA6ADwARQBLAFIAXQBlAGwAbwBxAHMAdgB4AHoAfACGAJMAmACgAzYDOAM9A0YDUQNVA2MDagNzA7EDtgO5A8YDywAAAAAAAAIBAAAAAAAAACgAAAAAAAAAAAAAAAAAAAPd},
	Bdsk-Url-1 = {http://dx.doi.org/10.1007/978-3-642-15126-2}}

@booklet{typo3:PhoenixIntroduction,
	Address = {http://flow3.typo3.org/typo3-phoenix/documentation/manuals/typo3/},
	Annote = {Als PDF gesichert},
	Author = {{TYPO3 Association}},
	Date-Added = {2011-06-21 14:23:26 +0200},
	Date-Modified = {2011-08-11 19:32:25 +0200},
	Generator = {TYPO3 4.4 CMS},
	Howpublished = {Webseite},
	Keywords = {TYPO3 5, phoenix, system structure},
	Lastchecked = {21.\,Juni 2011 14:24:26},
	Title = {TYPO3 Phoenix: System Overview},
	Url = {http://flow3.typo3.org/typo3-phoenix/documentation/manuals/typo3/},
	Bdsk-Url-1 = {http://flow3.typo3.org/fileadmin/Documentation/TYPO3/Manual/SystemStructure.png},
	Bdsk-Url-2 = {http://flow3.typo3.org/typo3-phoenix/documentation/manuals/typo3/}}

@booklet{typo3:WhatIsACms,
	Address = {http://www.typo3.com/What-is-a-CMS.1351.0.html},
	Annote = {Als PDF gesichert},
	Author = {{TYPO3 Association}},
	Date-Added = {2011-06-21 13:32:26 +0200},
	Date-Modified = {2011-08-11 19:30:38 +0200},
	Generator = {TYPO3 4.2 CMS},
	Howpublished = {Webseite},
	Keywords = {TYPO3, about, CMS},
	Lastchecked = {21.\,Juni 2011 13:33:59},
	Title = {TYPO3 CMS: What is a CMS?},
	Url = {http://www.typo3.com/What-is-a-CMS.1351.0.html},
	Bdsk-Url-1 = {http://www.typo3.com/What-is-a-CMS.1351.0.html}}

@booklet{typo3:AboutTypo3,
	Address = {http://www.typo3.com/About.1231.0.html},
	Annote = {Als PDF gesichert},
	Author = {{TYPO3 Association}},
	Date-Added = {2011-06-21 11:57:55 +0200},
	Date-Modified = {2011-08-11 19:30:35 +0200},
	Generator = {TYPO3 4.2 CMS},
	Howpublished = {Webseite},
	Keywords = {TYPO3 4, about TYPO3, general info},
	Lastchecked = {21.\,Juni 2011 12:01:06},
	Title = {TYPO3 CMS: About},
	Url = {http://www.typo3.com/About.1231.0.html},
	Bdsk-Url-1 = {http://www.typo3.com/About.1231.0.html}}
